%Encoding: UTF-8	

@article{kimble2008quantum,
  title={The quantum internet},
  author={Kimble, H Jeff},
  journal={Nature},
  volume={453},
  number={7198},
  pages={1023},
  year={2008},
  publisher={Nature Publishing Group}
}

@inproceedings{Caleffi:2018:QIC:3233188.3233224,
 author = {Caleffi, Marcello and Cacciapuoti, Angela Sara and Bianchi, Giuseppe},
 title = {Quantum Internet: From Communication to Distributed Computing!},
 booktitle = {Proceedings of the 5th ACM International Conference on Nanoscale Computing and Communication},
 series = {NANOCOM '18},
 year = {2018},
 isbn = {978-1-4503-5711-1},
 location = {Reykjavik, Iceland},
 pages = {3:1--3:4},
 articleno = {3},
 numpages = {4},
 url = {http://doi.acm.org/10.1145/3233188.3233224},
 doi = {10.1145/3233188.3233224},
 acmid = {3233224},
 publisher = {ACM},
 address = {New York, NY, USA},
 keywords = {distributed quantum computing, quantum cloud, quantum communications, quantum internet, quantum networks},
} 

@article{pednault2017breaking,
  title={Breaking the 49-qubit barrier in the simulation of quantum circuits},
  author={Pednault, Edwin and Gunnels, John A and Nannicini, Giacomo and Horesh, Lior and Magerlein, Thomas and Solomonik, Edgar and Wisnieff, Robert},
  journal={arXiv preprint arXiv:1710.05867},
  year={2017}
}

@book{van2014quantum,
  title={Quantum networking},
  author={Van Meter, Rodney},
  year={2014},
  publisher={John Wiley \& Sons}
}

@article{bouwmeester1997experimental,
  title={Experimental quantum teleportation},
  author={Bouwmeester, Dik and Pan, Jian-Wei and Mattle, Klaus and Eibl, Manfred and Weinfurter, Harald and Zeilinger, Anton},
  journal={Nature},
  volume={390},
  number={6660},
  pages={575},
  year={1997},
  publisher={Nature Publishing Group}
}


@article{metwaly2015architecture,
  title={Architecture of decentralized multicast network using quantum key distribution and hybrid WDM-TDM},
  author={Metwaly, AF and Mastorakis, Nikos E},
  journal={Advances in Information Science and Computer Engineering},
  pages={504--518},
  year={2015}
}

@misc{ wiki:xxx,
    author = "{Wikipedia contributors}",
    title = "Quantum network --- {Wikipedia}{,} The Free Encyclopedia",
    year = "2019",
    url = "https://en.wikipedia.org/w/index.php?title=Quantum_network&oldid=890449322",
    note = "[Online; accessed 24-May-2019]"
  }




