@article{lipman1985rapid,
  title={Rapid and sensitive protein similarity searches},
  author={Lipman, David J and Pearson, William R},
  journal={Science},
  volume={227},
  number={4693},
  pages={1435--1441},
  year={1985},
  publisher={American Association for the Advancement of Science}
}

@article{adams1991complementary,
  title={Complementary DNA sequencing: expressed sequence tags and human genome project},
  author={Adams, Mark D and Kelley, Jenny M and Gocayne, Jeannine D and Dubnick, Mark and Polymeropoulos, Mihael H and Xiao, Hong and Merril, Carl R and Wu, Andrew and Olde, Bjorn and Moreno, Ruben F and others},
  journal={Science},
  volume={252},
  number={5013},
  pages={1651--1656},
  year={1991},
  publisher={American Association for the Advancement of Science}
}

@misc{wiki_1,
       author = "Wikipedia",
       title = "Marcador de secuencia expresada --- Wikipedia{,} La enciclopedia libre",
       year = "2017",
       url = "https://es.wikipedia.org/w/index.php?title=Marcador_de_secuencia_expresada&oldid=103798876",
       note = "[Internet; descargado 15-marzo-2019]"
}

@misc{d200920,
  title={The 20 th anniversary of EMBnet: 20 years of bioinformatics for the Life Sciences community},
  author={D'Elia, Domenica and Gisel, Andreas and Eriksson, Nils-Einar and Kossida, Sophia and Mattila, Kimmo and Klucar, Lubos and Bongcam-Rudloff, Erik},
  year={2009},
  publisher={BioMed Central}
}




@article{altschul1990basic,
  title={Basic local alignment search tool},
  author={Altschul, Stephen F and Gish, Warren and Miller, Webb and Myers, Eugene W and Lipman, David J},
  journal={Journal of molecular biology},
  volume={215},
  number={3},
  pages={403--410},
  year={1990},
  publisher={Elsevier}
  
