%Encoding: UTF-8	

@article{de2018player,
  title={Player behavior and personality modeling for interactive storytelling in games},
  author={de Lima, Edirlei Soares and Feij{\'o}, Bruno and Furtado, Antonio L},
  journal={Entertainment Computing},
  volume={28},
  pages={32--48},
  year={2018},
  publisher={Elsevier}
}

@article{bartle1996hearts,
  title={Hearts, clubs, diamonds, spades: Players who suit MUDs},
  author={Bartle, Richard},
  journal={Journal of MUD research},
  volume={1},
  number={1},
  pages={19},
  year={1996}
}

@book{bateman200521st,
  title={21st Century Game Design (Game Development Series)},
  author={Bateman, Chris and Boon, Richard},
  year={2005},
  publisher={Charles River Media, Inc.}
}


@article{nacke2014brainhex,
  title={BrainHex: A neurobiological gamer typology survey},
  author={Nacke, Lennart E and Bateman, Chris and Mandryk, Regan L},
  journal={Entertainment computing},
  volume={5},
  number={1},
  pages={55--62},
  year={2014},
  publisher={Elsevier}
}

@inproceedings{missura2009player,
  title={Player modeling for intelligent difficulty adjustment},
  author={Missura, Olana and G{\"a}rtner, Thomas},
  booktitle={International Conference on Discovery Science},
  pages={197--211},
  year={2009},
  organization={Springer}
}


@inproceedings{weber2009data,
  title={A data mining approach to strategy prediction},
  author={Weber, Ben G and Mateas, Michael},
  booktitle={2009 IEEE Symposium on Computational Intelligence and Games},
  pages={140--147},
  year={2009},
  organization={IEEE}
}


@inproceedings{spronck2010player,
  title={Player modeling in civilization iv},
  author={Spronck, Pieter and den Teuling, Freek},
  booktitle={Sixth Artificial Intelligence and Interactive Digital Entertainment Conference},
  year={2010}
}

@inproceedings{barber2007user,
  title={A user model for the generation of dilemma-based interactive narratives},
  author={Barber, Heather and Kudenko, Daniel},
  booktitle={Workshop on Optimizing Player Satisfaction at AIIDE},
  volume={7},
  year={2007}
}

@article{el2007interaction,
  title={Interaction, narrative, and drama: Creating an adaptive interactive narrative using performance arts theories},
  author={El-Nasr, Magy Seif},
  journal={Interaction Studies},
  volume={8},
  number={2},
  pages={209--240},
  year={2007},
  publisher={John Benjamins}
}

@inproceedings{thue2007interactive,
  title={Interactive Storytelling: A Player Modelling Approach.},
  author={Thue, David and Bulitko, Vadim and Spetch, Marcia and Wasylishen, Eric},
  booktitle={AIIDE},
  pages={43--48},
  year={2007}
}


@article{strack2004reflective,
  title={Reflective and impulsive determinants of social behavior},
  author={Strack, Fritz and Deutsch, Roland},
  journal={Personality and social psychology review},
  volume={8},
  number={3},
  pages={220--247},
  year={2004},
  publisher={Sage Publications Sage CA: Los Angeles, CA}
}

@book{mishra2008psychology,
  title={Psychology: The study of human behaviour},
  author={Mishra, Braj Kumar},
  year={2008},
  publisher={PHI Learning Pvt. Ltd.}
}

@inproceedings{tuunanen2012meta,
  title={Meta-synthesis of player typologies},
  author={Tuunanen, Janne and Hamari, Juho},
  booktitle={Proceedings of Nordic Digra 2012 Conference: Games in Culture and Society, Tampere, Finland},
  year={2012}
}

@article{goldberg1990alternative,
  title={An alternative" description of personality": the big-five factor structure.},
  author={Goldberg, Lewis R},
  journal={Journal of personality and social psychology},
  volume={59},
  number={6},
  pages={1216},
  year={1990},
  publisher={American Psychological Association}
}

@article{back2009predicting,
  title={Predicting actual behavior from the explicit and implicit self-concept of personality.},
  author={Back, Mitja D and Schmukle, Stefan C and Egloff, Boris},
  journal={Journal of personality and social psychology},
  volume={97},
  number={3},
  pages={533},
  year={2009},
  publisher={American Psychological Association}
}

@article{mccrae1997personality,
  title={Personality trait structure as a human universal.},
  author={McCrae, Robert R and Costa Jr, Paul T},
  journal={American psychologist},
  volume={52},
  number={5},
  pages={509},
  year={1997},
  publisher={American Psychological Association}
}

@article{rammstedt2007measuring,
  title={Measuring personality in one minute or less: A 10-item short version of the Big Five Inventory in English and German},
  author={Rammstedt, Beatrice and John, Oliver P},
  journal={Journal of research in Personality},
  volume={41},
  number={1},
  pages={203--212},
  year={2007},
  publisher={Elsevier}
}






@misc{marback1995experiencing,
  title={Experiencing Narrative Worlds: On the Psychological Activities of Reading},
  author={Marback, Richard},
  year={1995},
  publisher={JSTOR}
}

@article{riedl2012interactive,
  title={Interactive narrative: An intelligent systems approach},
  author={Riedl, Mark Owen and Bulitko, Vadim},
  journal={Ai Magazine},
  volume={34},
  number={1},
  pages={67},
  year={2012}
}

@article{bates1992virtual,
  title={Virtual reality, art, and entertainment},
  author={Bates, Joseph},
  journal={Presence: Teleoperators \& Virtual Environments},
  volume={1},
  number={1},
  pages={133--138},
  year={1992},
  publisher={MIT Press}
}

@article{davis2002brief,
  title={A brief overview of the narrative intelligence reading group},
  author={Davis, Marc and Travers, Michael},
  journal={Advances in Consciousness Research},
  volume={46},
  pages={27--40},
  year={2002},
  publisher={JOHN BENJAMINS PUBLISHING COMPANY}
}

@article{sharma2010drama,
  title={Drama management and player modeling for interactive fiction games},
  author={Sharma, Manu and Onta{\~n}{\'o}n, Santiago and Mehta, Manish and Ram, Ashwin},
  journal={Computational Intelligence},
  volume={26},
  number={2},
  pages={183--211},
  year={2010},
  publisher={Wiley Online Library}
}

@article{bakkes2012player,
  title={Player behavioural modelling for video games},
  author={Bakkes, Sander CJ and Spronck, Pieter HM and van Lankveld, Giel},
  journal={Entertainment Computing},
  volume={3},
  number={3},
  pages={71--79},
  year={2012},
  publisher={Elsevier}
}

@inproceedings{yannakakis2013player,
  title={Player modeling},
  author={Yannakakis, Georgios N and Spronck, Pieter and Loiacono, Daniele and Andr{\'e}, Elisabeth},
  booktitle={Dagstuhl Follow-Ups},
  volume={6},
  year={2013},
  organization={Schloss Dagstuhl-Leibniz-Zentrum fuer Informatik}
}

@phdthesis{2018artificial,
  title={Artificial Intelligence in Computer Games},
  author={Liudmyla M. Magas, Michae},
  year={2018},
  school={BHT}
}

@inproceedings{thue2011computational,
  title={A Computational Model of Perceived Agency in Video Games.},
  author={Thue, David and Bulitko, Vadim and Spetch, Marcia and Romanuik, Trevon},
  booktitle={AIIDE},
  year={2011}
}

@inproceedings{thue2007interactive,
  title={Interactive Storytelling: A Player Modelling Approach.},
  author={Thue, David and Bulitko, Vadim and Spetch, Marcia and Wasylishen, Eric},
  booktitle={AIIDE},
  pages={43--48},
  year={2007}
}

@inproceedings{barber2007user,
  title={A user model for the generation of dilemma-based interactive narratives},
  author={Barber, Heather and Kudenko, Daniel},
  booktitle={Workshop on Optimizing Player Satisfaction at AIIDE},
  volume={7},
  year={2007}
}

@inproceedings{prendinger2005recognizing,
  title={Recognizing, modeling, and responding to usersâ€™ affective states},
  author={Prendinger, Helmut and Mori, Junichiro and Ishizuka, Mitsuru},
  booktitle={International Conference on User Modeling},
  pages={60--69},
  year={2005},
  organization={Springer}
}

@article{albrecht1998bayesian,
  title={Bayesian models for keyhole plan recognition in an adventure game},
  author={Albrecht, David W and Zukerman, Ingrid and Nicholson, An E},
  journal={User modeling and user-adapted interaction},
  volume={8},
  number={1-2},
  pages={5--47},
  year={1998},
  publisher={Springer}
}

@inproceedings{mateas2003integrating,
  title={Integrating plot, character and natural language processing in the interactive drama Fa{\c{c}}ade},
  author={Mateas, Michael and Stern, Andrew},
  booktitle={Proceedings of the 1st International Conference on Technologies for Interactive Digital Storytelling and Entertainment (TIDSE-03)},
  volume={2},
  year={2003}
}

@article{el2007interaction,
  title={Interaction, narrative, and drama: Creating an adaptive interactive narrative using performance arts theories},
  author={El-Nasr, Magy Seif},
  journal={Interaction Studies},
  volume={8},
  number={2},
  pages={209--240},
  year={2007},
  publisher={John Benjamins Publishing Company}
}

@book{crawford2012chris,
  title={Chris Crawford on interactive storytelling},
  author={Crawford, Chris},
  year={2012},
  publisher={New Riders}
}

@article{ramirez2015automated,
  title={Automated planning and player modeling for interactive storytelling},
  author={Ramirez, Alejandro and Bulitko, Vadim},
  journal={IEEE Transactions on Computational Intelligence and AI in Games},
  volume={7},
  number={4},
  pages={375--386},
  year={2015},
  publisher={IEEE}
}

@inproceedings{frome2007eight,
  title={Eight Ways Videogames Generate Emotion.},
  author={Frome, Jonathan},
  booktitle={DiGRA conference},
  year={2007}
}

@article{gervas2009computational,
  title={Computational approaches to storytelling and creativity},
  author={Gerv{\'a}s, Pablo},
  journal={AI Magazine},
  volume={30},
  number={3},
  pages={49},
  year={2009}
}

@inproceedings{mateas2003integrating,
  title={Integrating plot, character and natural language processing in the interactive drama Fa{\c{c}}ade},
  author={Mateas, Michael and Stern, Andrew},
  booktitle={Proceedings of the 1st International Conference on Technologies for Interactive Digital Storytelling and Entertainment (TIDSE-03)},
  volume={2},
  year={2003}
}